@inproceedings{end_of_moore1,
    author    = "Robert Colwell",
    title     = "The Chip Design Game at the End of Moore's Law",
    publisher = "Hot Chips",
    note = {http://www.hotchips.org/wp-content/uploads/hc\_archives/hc25/HC25.15-keynote1-Chipdesign-epub/HC25.26.190-Keynote1-ChipDesignGame-Colwell-DARPA.pdf},
    year      = 2013
}

@inproceedings{end_of_moore2,
    author    = "Benjamin Sutherland",
    title     = "No Moore? A golden rule of microchips appears to be coming to an end",
    publisher = "The Economist",
    note = {http://www.economist.com/news/21589080-golden-rule-microchips-appears-be-coming-end-no-moore},
    year      = 2013
}

@ARTICLE{end_of_moore3, 
author={Courtland, R.}, 
journal={Spectrum, IEEE}, 
title={The end of the shrink}, 
year={2013}, 
month={November}, 
volume={50}, 
number={11}, 
pages={26-29}, 
keywords={MOSFET;integrated circuit design;three-dimensional integrated circuits;FinFET;Moore' Law;chip-improving approaches;design tricks;three-dimensional transistor;FinFETs;Logic gates;Technological innovation;Technology forecasting;Three dimensional displays;Transistors}, 
doi={10.1109/MSPEC.2013.6655835}, 
ISSN={0018-9235},}

@inproceedings{porrmann2002,
  title={Implementation of artificial neural networks on a reconfigurable hardware accelerator},
  author={Porrmann, Mario and Witkowski, Ulf and Kalte, Heiko and R{\"u}ckert, Ulrich},
  booktitle={euromicro-pdp},
  pages={0243},
  year={2002},
  organization={IEEE}
}

@inproceedings{mnih2012learning,
  title={Learning to label aerial images from noisy data},
  author={Mnih, Volodymyr and Hinton, Geoffrey E},
  booktitle={Proceedings of the 29th International Conference on Machine Learning (ICML-12)},
  pages={567--574},
  year={2012}
}

@article{hinton2012improving,
  title={Improving neural networks by preventing co-adaptation of feature detectors},
  author={Hinton, Geoffrey E and Srivastava, Nitish and Krizhevsky, Alex and Sutskever, Ilya and Salakhutdinov, Ruslan R},
  journal={arXiv preprint arXiv:1207.0580},
  year={2012}
}
@inproceedings{le2013building,
  title={Building high-level features using large scale unsupervised learning},
  author={Le, Quoc V},
  booktitle={Acoustics, Speech and Signal Processing (ICASSP), 2013 IEEE International Conference on},
  pages={8595--8598},
  year={2013},
  organization={IEEE}
}
@inproceedings{chen2014diannao,
  title={Diannao: A small-footprint high-throughput accelerator for ubiquitous machine-learning},
  author={Chen, Tianshi and Du, Zidong and Sun, Ninghui and Wang, Jia and Wu, Chengyong and Chen, Yunji and Temam, Olivier},
  booktitle={ACM SIGPLAN Notices},
  volume={49},
  number={4},
  pages={269--284},
  year={2014},
  organization={ACM}
}
@inproceedings{esmaeilzadeh2012neural,
  title={Neural acceleration for general-purpose approximate programs},
  author={Esmaeilzadeh, Hadi and Sampson, Adrian and Ceze, Luis and Burger, Doug},
  booktitle={Proceedings of the 2012 45th Annual IEEE/ACM International Symposium on Microarchitecture},
  pages={449--460},
  year={2012},
  organization={IEEE Computer Society}
}
@article{govindaraju2012dyser,
  title={Dyser: Unifying functionality and parallelism specialization for energy-efficient computing},
  author={Govindaraju, Venkatraman and Ho, Chen-Han and Nowatzki, Tony and Chhugani, Jatin and Satish, Nadathur and Sankaralingam, Karthikeyan and Kim, Changkyu},
  journal={IEEE Micro},
  number={5},
  pages={38--51},
  year={2012},
  publisher={IEEE}
}
@article{singh2000morphosys,
  title={MorphoSys: an integrated reconfigurable system for data-parallel and computation-intensive applications},
  author={Singh, Hertej and Lee, Ming-Hau and Lu, Guangming and Kurdahi, Fadi J and Bagherzadeh, Nader and Eliseu Filho, M Chaves},
  journal={Computers, IEEE Transactions on},
  volume={49},
  number={5},
  pages={465--481},
  year={2000},
  publisher={IEEE}
}
@inproceedings{nowatzki2015exploring,
  title={Exploring the potential of heterogeneous von neumann/dataflow execution models},
  author={Nowatzki, Tony and Gangadhar, Vinay and Sankaralingam, Karthikeyan},
  booktitle={Proceedings of the 42nd Annual International Symposium on Computer Architecture},
  pages={298--310},
  year={2015},
  organization={ACM}
}

@inproceedings{diannao,
  author = {Chen, Tianshi and Du, Zidong and Sun, Ninghui and Wang, Jia and Wu, Chengyong and Chen, Yunji and Temam, Olivier},
  title = {DianNao: A Small-footprint High-throughput Accelerator for Ubiquitous Machine-learning},
  booktitle = {Proceedings of the 19th International Conference on Architectural Support for Programming Languages and Operating Systems},
  series = {ASPLOS '14},
  year = {2014},
  numpages = {16},
  publisher = {ACM},
  address = {New York, NY, USA},
  keywords = {accelerator, memory, neural networks},
}


@inproceedings{pudiannao,
 author = {Liu, Daofu and Chen, Tianshi and Liu, Shaoli and Zhou, Jinhong and Zhou, Shengyuan and Teman, Olivier and Feng, Xiaobing and Zhou, Xuehai and Chen, Yunji},
 title = {PuDianNao: A Polyvalent Machine Learning Accelerator},
 booktitle = {Proceedings of the Twentieth International Conference on Architectural Support for Programming Languages and Operating Systems},
 series = {ASPLOS},
 year = {2015},
} 


@ARTICLE{ibm_power, 
author={Brown, J.D. and Woodward, S. and Bass, B.M. and Johnson, C.L.}, 
journal={Micro, IEEE}, 
title={IBM Power Edge of Network Processor: A Wire-Speed System on a Chip}, 
year={2011}, 
}



@article{ieeemicro12:dyser,
  author={Venkatraman Govindaraju and Chen-Han Ho and Tony Nowatzki
  and Jatin Chhugani and 
  Nadathur Satish and Karthikeyan Sankaralingam and Changkyu Kim},
  title={DySER: Unifying Functionality and Parallelism Specialization for Energy Efficient Computing},
  journal="{IEEE Micro}",
  year={2012},
}

@inproceedings{wavescalar,
 author = {Swanson, Steven and Michelson, Ken and Schwerin, Andrew and Oskin, Mark},
 title = {WaveScalar},
 booktitle = {MICRO},
 year = {2003},
}


@INPROCEEDINGS{isca03:TRIPS,
  author = {Karthikeyan Sankaralingam and Ramadass Nagarajan and Haiming Liu
	and Changkyu Kim and Jaehyuk Huh and Stephen W. Keckler and Doug
	Burger and Charles R. Moore},
  title = {{Exploiting ILP, TLP and DLP with the Polymorphous TRIPS Architecture}},
  booktitle = {ISCA '03: Proceedings of the 30th Annual International Symposium
	on Computer Architecture},
  year = {2003},
  pages = {422--433},
  month = {June}
}


@inproceedings{harp,
 author = {Wu, Lisa and Barker, Raymond J. and Kim, Martha A. and Ross, Kenneth A.},
 title = {Navigating Big Data with High-throughput, Energy-efficient Data Partitioning},
 booktitle = {Proceedings of the 40th Annual International Symposium on Computer Architecture},
 series = {ISCA '13},
 year = {2013},
 isbn = {978-1-4503-2079-5},
 location = {Tel-Aviv, Israel},
 pages = {249--260},
 numpages = {12},
 url = {http://doi.acm.org/10.1145/2485922.2485944},
 doi = {10.1145/2485922.2485944},
 acmid = {2485944},
 publisher = {ACM},
 address = {New York, NY, USA},
 keywords = {accelerator, data partitioning, microarchitecture, specialized functional unit, streaming data},
} 


@inproceedings{gpp_innef,
 author = {Hameed, Rehan and Qadeer, Wajahat and Wachs, Megan and Azizi, Omid and Solomatnikov, Alex and Lee, Benjamin C. and Richardson, Stephen and Kozyrakis, Christos and Horowitz, Mark},
 title = {Understanding Sources of Inefficiency in General-purpose Chips},
 booktitle = {Proceedings of the 37th Annual International Symposium on Computer Architecture},
 series = {ISCA},
 year = {2010},
} 

@inproceedings{dahl2013improving,
  title={Improving deep neural networks for LVCSR using rectified linear units and dropout},
  author={Dahl, George E and Sainath, Tara N and Hinton, Geoffrey E},
  booktitle={Acoustics, Speech and Signal Processing (ICASSP), 2013 IEEE International Conference on},
  pages={8609--8613},
  year={2013},
  organization={IEEE}
}

@article{tonytdg,
  title={A Graph-Based Program Representation for Analyzing Hardware Specialization Approaches},
  author={Nowatzki, Tony and Govindaraju, Venkatraman and Sankaralingam, Karu},
  publisher={IEEE}
}


@inproceedings{chisel2012,
  title={Chisel: constructing hardware in a scala embedded language},
  author={Bachrach, Jonathan and Vo, Huy and Richards, Brian and Lee, Yunsup and Waterman, Andrew and Avi{\v{z}}ienis, Rimas and Wawrzynek, John and Asanovi{\'c}, Krste},
  booktitle={Proceedings of the 49th Annual Design Automation Conference},
  pages={1216--1225},
  year={2012},
  organization={ACM}
}

@article{nguyenlinux,
  title={The Linux/RISC-V Installation Manual},
  author={Nguyen, Quan}
}
