@inproceedings{buck2007gpu,
  title={Gpu computing with nvidia cuda},
  author={Buck, Ian},
  booktitle={ACM SIGGRAPH},
  volume={7},
  year={2007}
}


@inproceedings{cho2009fpga,
  title={Fpga-based face detection system using haar classifiers},
  author={Cho, Junguk and Mirzaei, Shahnam and Oberg, Jason and Kastner, Ryan},
  booktitle={Proceedings of the ACM/SIGDA international symposium on Field programmable gate arrays},
  pages={103--112},
  year={2009},
  organization={ACM}
}

@article{freund1999short,
  title={A short introduction to boosting},
  author={Freund, Yoav and Schapire, Robert and Abe, N},
  journal={Journal-Japanese Society For Artificial Intelligence},
  volume={14},
  number={771-780},
  pages={1612},
  year={1999},
  publisher={JAPANESE SOC ARTIFICIAL INTELL}
}

@inproceedings{kong2010gpu,
  title={GPU accelerated face detection},
  author={Kong, Jiangang and Deng, Yangdong},
  booktitle={Intelligent Control and Information Processing (ICICIP), 2010 International Conference on},
  pages={584--588},
  year={2010},
  organization={IEEE}
}

@article{owens2008gpu,
  title={GPU computing},
  author={Owens, John D and Houston, Mike and Luebke, David and Green, Simon and Stone, John E and Phillips, James C},
  journal={Proceedings of the IEEE},
  volume={96},
  number={5},
  pages={879--899},
  year={2008},
  publisher={IEEE}
}

@inproceedings{rosen2013visual,
  title={A visual approach to investigating shared and global memory behavior of CUDA kernels},
  author={Rosen, Paul},
  booktitle={Computer Graphics Forum},
  volume={32},
  number={3pt2},
  pages={161--170},
  year={2013},
  organization={Wiley Online Library}
}

@inproceedings{sun2013acceleration,
  title={Acceleration algorithm for CUDA-based face detection},
  author={Sun, Li-chao and Zhang, Sheng-bing and Cheng, Xun-tao and Zhang, Meng},
  booktitle={Signal Processing, Communication and Computing (ICSPCC), 2013 IEEE International Conference on},
  pages={1--5},
  year={2013},
  organization={IEEE}
}

@inproceedings{viola2001rapid,
  title={Rapid object detection using a boosted cascade of simple features},
  author={Viola, Paul and Jones, Michael},
  booktitle={Computer Vision and Pattern Recognition, 2001. CVPR 2001. Proceedings of the 2001 IEEE Computer Society Conference on},
  volume={1},
  pages={I--511},
  year={2001},
  organization={IEEE}
}

@book{wilt2013cuda,
  title={The cuda handbook: A comprehensive guide to gpu programming},
  author={Wilt, Nicholas},
  year={2013},
  publisher={Pearson Education}
}

@inproceedings{yang2008parallel,
  title={Parallel image processing based on CUDA},
  author={Yang, Zhiyi and Zhu, Yating and Pu, Yong},
  booktitle={Computer Science and Software Engineering, 2008 International Conference on},
  volume={3},
  pages={198--201},
  year={2008},
  organization={IEEE}
}

@article{nvidia2007compute,
  title={Compute unified device architecture programming guide},
  author={Nvidia, CUDA},
  year={2007}
}
